
@article{lsz55,
author="Lehmann, H.
and Symanzik, K.
and Zimmermann, W.",
title="Zur Formulierung quantisierter Feldtheorien",
journal="Il Nuovo Cimento (1955-1965)",
year="1955",
month="Jan",
day="01",
volume="1",
number="1",
pages="205--225",
abstract="A new formulation of quantized field theories is proposed. Starting from some general requirements we derive a set of equations which determine the matrix-elements of field operators and the S-Matrix. These equations contain no renormalization constants, but only experimental masses and coupling parameters. The main advantage over the conventional formulation is thus the elimination of all divergent terms in the basic equations. This means that no renormalization problem arises. The formulation is here restricted to theories which do not involve stable bound states. For simplicity we derive the equations for spin 0 particles, however the extension to other cases (e.g. quantum electrodynamics) is obvious. The solutions of the equations are discussed in a power-series expansion. They are then identical with the renormalized expressions of the conventional formulation. However, the equations set up here are not restricted to the application of perturbation theory.",
issn="1827-6121",
doi="10.1007/BF02731765",
url="https://doi.org/10.1007/BF02731765"
}

@article{pt86,
  title = {Amplitude for $n$-Gluon Scattering},
  author = {Parke, Stephen J. and Taylor, T. R.},
  journal = {Phys. Rev. Lett.},
  volume = {56},
  issue = {23},
  pages = {2459--2460},
  numpages = {0},
  year = {1986},
  month = {Jun},
  publisher = {American Physical Society},
  doi = {10.1103/PhysRevLett.56.2459},
  url = {https://link.aps.org/doi/10.1103/PhysRevLett.56.2459}
}

@article{bg87colorordering,
  title={The six-gluon process as an example of Weyl-van der Waerden spinor calculus},
  author={Berends, Frits A and Giele, W},
  journal={Nuclear Physics B},
  volume={294},
  pages={700--732},
  year={1987},
  publisher={Elsevier}
}

@article{bg88recursive,
  title={Recursive calculations for processes with n gluons},
  author={Berends, Frits A and Giele, WT},
  journal={Nuclear Physics B},
  volume={306},
  number={4},
  pages={759--808},
  year={1988},
  publisher={Elsevier}
}

@techreport{mangano99,
  title={Introduction to QCD},
  author={Mangano, Michelangelo L},
  year={1999},
  institution={CERN}
}

@article{johansson2016,
  title={Color-kinematics duality for QCD amplitudes},
  author={Johansson, Henrik and Ochirov, Alexander},
  journal={Journal of High Energy Physics},
  volume={2016},
  number={1},
  pages={170},
  year={2016},
  publisher={Springer}
}

@incollection{dixon2016,
  title={A brief introduction to modern amplitude methods},
  author={Dixon, Lance J},
  booktitle={Journeys Through the Precision Frontier: Amplitudes for Colliders: TASI 2014 Proceedings of the 2014 Theoretical Advanced Study Institute in Elementary Particle Physics},
  pages={39--97},
  year={2016},
  publisher={World Scientific}
}

@article{dixon1996,
  title={Calculating scattering amplitudes efficiently},
  author={Dixon, Lance},
  journal={arXiv preprint hep-ph/9601359},
  year={1996}
}

@article{berends81,
  title={Single bremsstrahlung processes in gauge theories},
  author={Berends, Frits A and Kleiss, R and De Causmaecker, Patrick and Gastmans, Raymond and Wu, Tai Tsun},
  journal={Physics Letters B},
  volume={103},
  number={2},
  pages={124--128},
  year={1981},
  publisher={Elsevier}
}

@article{eidemueller2000,
  title={The field strength correlator from QCD sum rules},
  author={Eidemueller, M and Dosch, Hans Gunter and Jamin, M},
  journal={Nuclear Physics B-Proceedings Supplements},
  volume={86},
  number={1-3},
  pages={421--425},
  year={2000},
  publisher={Elsevier}
}

@article{xu86,
      author         = "Xu, Zhan and Zhang, Da-Hua and Chang, Lee",
      title          = "{Helicity Amplitudes for Multiple Bremsstrahlung in
                        Massless Nonabelian Gauge Theories}",
      journal        = "Nucl. Phys.",
      volume         = "B291",
      year           = "1987",
      pages          = "392-428",
      doi            = "10.1016/0550-3213(87)90479-2",
      reportNumber   = "TUTP-86/9a, TUTP-84-3, TUTP-84-4, TUTP-84-5",
      SLACcitation   = "%%CITATION = NUPHA,B291,392;%%"
}

@misc{github,
  author = "Roman Gruber",
  year = 2019,
  title = "GitHub repository: Source code of the implementation",
  howpublished = {\url{http://github.com/chaoos/report-proseminar-hs2019}},
  note = {Accessed: 2019-12-03}
}

@Misc{numpy,
  author =    {Travis Oliphant},
  title =     {{NumPy}: A guide to {NumPy}},
  year =      {2006--},
  howpublished = {USA: Trelgol Publishing},
  url = "http://www.numpy.org/",
  note = {[Online; accessed 2019-12-03]}
 }

 @ARTICLE{scipy,
       author = {{Virtanen}, Pauli and {Gommers}, Ralf and {Oliphant},
         Travis E. and {Haberland}, Matt and {Reddy}, Tyler and
         {Cournapeau}, David and {Burovski}, Evgeni and {Peterson}, Pearu
         and {Weckesser}, Warren and {Bright}, Jonathan and {van der Walt},
         St{\'e}fan J.  and {Brett}, Matthew and {Wilson}, Joshua and
         {Jarrod Millman}, K.  and {Mayorov}, Nikolay and {Nelson}, Andrew
         R.~J. and {Jones}, Eric and {Kern}, Robert and {Larson}, Eric and
         {Carey}, CJ and {Polat}, {\.I}lhan and {Feng}, Yu and {Moore},
         Eric W. and {Vand erPlas}, Jake and {Laxalde}, Denis and
         {Perktold}, Josef and {Cimrman}, Robert and {Henriksen}, Ian and
         {Quintero}, E.~A. and {Harris}, Charles R and {Archibald}, Anne M.
         and {Ribeiro}, Ant{\^o}nio H. and {Pedregosa}, Fabian and
         {van Mulbregt}, Paul and {Contributors}, SciPy 1. 0},
        title = "{SciPy 1.0--Fundamental Algorithms for Scientific
                  Computing in Python}",
      journal = {arXiv e-prints},
         year = "2019",
        month = "Jul",
          eid = {arXiv:1907.10121},
        pages = {arXiv:1907.10121},
archivePrefix = {arXiv},
       eprint = {1907.10121},
 primaryClass = {cs.MS},
       adsurl = {https://ui.adsabs.harvard.edu/abs/2019arXiv190710121V},
      adsnote = {Provided by the SAO/NASA Astrophysics Data System}
}